@article {obfus,
    author = "Rajan Patel and Nimisha Patel",
    title = "A way to protect software secrets from reverse engineering using code obfuscation techniques",
    year = "2010",
    URL = "https://www.researchgate.net/publication/269694315_A_WAY_TO_PROTECT_SOFTWARE_SECRETS_FROM_REVERSE_ENGINEERING_USING_CODE_OBFUSCATION_TECHNIQUES",
    keywords = "obfuscation"
}

@online {james,
    author = "Dr James Hamilton",
    title = "What is software watermarking ?",
    URL = "https://jameshamilton.eu/research/what-software-watermarking",
    keywords = "software-watermarking"
}

@online {wiki,
    author = "Article Wikipédia",
    title = "Tatouage numérique",
    URL = "https://fr.wikipedia.org/wiki/Tatouage_num\%C3\%A9rique"
}

@online {wiki2,
    author = "Article Wikipédia",
    title = "Anti-tamper software",
    URL = "https://en.wikipedia.org/wiki/Anti-tamper_software"
}

@online {tamper,
    title = "What is software tamper-proofing ?",
    URL = "http://www.whitehawksoftware.com/white-hawk-technology/what-is-software-tamper-proofing/"
}
