@online {ElGamal,
    author = "Article Wikip√©dia",
    title = "ElGamal signature scheme",
    URL = "https://en.wikipedia.org/wiki/ElGamal_signature_scheme"
}

@online {REST,
    title = "Rest API tutorial",
    URL = "https://restfulapi.net/"
}

@online {Material,
    title = "Material Design, a system created by Google",
    URL = "https://material.io/design"
}

