@online {ElGamal,
    author = "Article Wikip√©dia",
    title = "ElGamal signature scheme",
    URL = "https://en.wikipedia.org/wiki/ElGamal_signature_scheme"
}


